<?xml version="1.0" encoding="UTF-8"?><record xmlns="http://www.loc.gov/MARC21/slim" xmlns:cinclude="http://apache.org/cocoon/include/1.0" xmlns:zs="http://www.loc.gov/zing/srw/">
  <leader>00728cz  a2200205n  4500</leader>
  <controlfield tag="001">nb2003046698</controlfield>
  <controlfield tag="003">DLC</controlfield>
  <controlfield tag="005">20150917073903.0</controlfield>
  <controlfield tag="008">030508n| azannaabn          |n aaa      </controlfield>
  <datafield tag="010" ind1=" " ind2=" ">
    <subfield code="a">nb2003046698</subfield>
  </datafield>
  <datafield tag="035" ind1=" " ind2=" ">
    <subfield code="a">(OCoLC)oca06047338</subfield>
  </datafield>
  <datafield tag="040" ind1=" " ind2=" ">
    <subfield code="a">Uk</subfield>
    <subfield code="b">eng</subfield>
    <subfield code="e">rda</subfield>
    <subfield code="c">Uk</subfield>
    <subfield code="d">KyLxBWIB</subfield>
    <subfield code="d">ScU</subfield>
  </datafield>
  <datafield tag="100" ind1="1" ind2=" ">
    <subfield code="a">Scovell, Nell</subfield>
  </datafield>
  <datafield tag="372" ind1=" " ind2=" ">
    <subfield code="a">Writing</subfield>
    <subfield code="a">Producing</subfield>
    <subfield code="a">Directing</subfield>
  </datafield>
  <datafield tag="374" ind1=" " ind2=" ">
    <subfield code="a">Writer</subfield>
    <subfield code="a">Producer</subfield>
    <subfield code="a">Director</subfield>
  </datafield>
  <datafield tag="375" ind1=" " ind2=" ">
    <subfield code="a">female</subfield>
  </datafield>
  <datafield tag="377" ind1=" " ind2=" ">
    <subfield code="a">eng</subfield>
  </datafield>
  <datafield tag="670" ind1=" " ind2=" ">
    <subfield code="a">Eight spells in a week, 1999:</subfield>
    <subfield code="b">t.p. (Nell Scovell)</subfield>
  </datafield>
  <datafield tag="670" ind1=" " ind2=" ">
    <subfield code="a">Internet Movie Database, Aug. 1, 2005</subfield>
    <subfield code="b">(Nell Scovell ; Filmography as: Writer, Producer, Director ; 1980s-)</subfield>
  </datafield>
  <datafield tag="670" ind1=" " ind2=" ">
    <subfield code="a">Internet Movie Database WWW site, September 16, 2015:</subfield>
    <subfield code="b">(Nell Scovell, writer, producer, director)</subfield>
  </datafield>
</record>